@phdthesis{abrams70,
    author = "P. Abrams",
    title = "An APL Machine",
    school = "Stanford University",
    year = 1970
}

@conference{gmdb92,
     author = "A. Boettcher",
     title = "Closing the Parallel Gap: A Data Structure Architecture",
     booktitle = "ATABLE92: Second International Workshop on Array
       Structures, Functional Languages and Parallel Systems",
     year = 1992,
     editor = "G. Hains and L. Mullin"
}

@conference{gmdd92,
     author = "W. Diestelkamp",
     title = "Data Parallelism and Data Distribution",
     booktitle = "ATABLE92: Second International Workshop on Array
       Structures, Functional Languages and Parallel Systems",
     year = 1992,
     editor = "G. Hains and L. Mullin"
}

@techreport{skill91,
    author = "David Skillicorn",
    title = " Practical Parallel Computation I. Models of Computation",
    institution = "Department of Computing and Information Science,
                   Queen's University",
    year = 1991,
    number = "91-312",
    address = "Kingston, Canada"
}

@techreport{ranka91,
    author = "T. Heywood and S. Ranka",
    title = "A Practical Hierarchical Model of Parallel Computation:
             The  Model",
    institution = "School of Computer and Information Science, Syracuse
                   University",
    year = 1991,
    number = "SU-CIS-91-06",
    address = "Syracuse, New York 13244"
}

@article{saltz90,
    author = "Joel Saltz, Kathleen Crowley, Ravi Mirchandaney, and
              Harry Berryman",
    title = "Run-Time Scheduling and Execution of Loops on Message
             Passing Machines",
    journal = "Journal of Parallel and Distributed Computing",
    year = 1990,
    volume = 8,
    pages = "303-312"
}

@article{blelloch89,
    author = "Guy E. Blelloch",
    title = "Scans as Primitive Parallel Operations",
    journal = "IEEE Transactions on Computers",
    year = 1989,
    volume = 38,
    number = 11,
    pages = "1526-1538",
    month = "November"
}

@article{ragde91,
    author = "Prabhakar Ragde",
    title = "Analysis of an asynchronous PRAM algorithm",
    journal = "Information Processing Letters",
    year = 1991,
    volume = 39,
    pages = "253-256",
    month = "September"
}


@article{sheu91,
    author = "Jang-Ping Sheu and Tsu-Huei Tai",
    title = "Partitioning and Mapping Nested Loops on Multiprocessor
             Systems",
    journal = "IEEE Transactions on Parallel and Distributed Systems",
    year = 1991,
    volume = 2,
    number = 4,
    pages = "430-439" ,
    month = "October"
}

@article{stewart90,
    author = "G. W. Stewart",
    title = "Communication and Matrix Computations on Large Message Passing
             Systems",
    journal = "Parallel Computing",
    year = 1990,
    volume = 16,
    pages = "27-40"
}

@article{shukla91,
    author = "Shridhar B. Shukla and Dharma P. Agrawal",
    title = "Scheduling and Pipelined Communication in Distributed
             Memory Multiprocessors for Real-time Applications",
    journal = "Computer Architecture News",
    year = 1991,
    volume = 19,
    number = 3
}

@article{holzmann92,
     author = "Gerard J. Holzmann",
     title = "Protocol Design: Redefining the State of the Art",
     journal = "IEEE Software",
     year = 1992,
     pages = "17-22",
     month = "January"
}


@phdthesis{mul88,
        title = "A Mathematics of Arrays",
        author = "Lenore M. Restifo Mullin",
        school = "Syracuse University",
        type = "{Ph.D.} dissertation",
        year = "1988",
        month = "December"
}


@incollection{mul91,
       author = "Lenore M. R. Mullin",
       title = "Psi, the Indexing Function: A Basis for FFP with Arrays",
       booktitle = "Arrays, Functional Languages, and Parallel Systems",
       publisher = "Kluwer Academic Publishers",
       year= 1991
}

@book{mjhgb91,
      editor = "L. Mullin and M. Jenkins and G. Hains and G. Gao and R.
                Bernecky",
      title = "Arrays, Functional Languages and Parallel Systems",
      publisher = "Kluwer Academic Publishers",
      year = 1991
}

@incollection{jm91,
       author = "M. Jenkins and L. Mullin",
       title = "A Comparrison of Array Theory and A Mathematics of Arrays",
       booktitle = "Arrays, Functional Languages, and Parallel Systems",
       publisher = "Kluwer Academic Publishers",
       year= 1991
}

@techreport{mul92,
       author = "L. M. R. Mullin", 
       title = "The Psi Correspondence Theorem: Array Mapping using
                the Psi Calculus",
       institution = "University of Vermont",
       year = 1992,
       address = "Department of CS and EE",
       number ="CSEE/92/06-2",
       note = "To be submitted for publication to Parallel Processing
               Letters"
}

@techreport{thi92,
       author = "S. Thibault",
       title = "An Automatic Parallelizing Compiler for Operations
                      on Arrays",
       institution = "University of Vermont",
       year = 1992,
       address = "Department of CS and EE",
       number ="CSEE/92/12-14",
       note = "To be submitted for publication, ICPP"
}



@inproceedings{gm90,
       title = "A Strict Monolithic Array Constructor",
       author = "G. Gao and R. Yates and L. Mullin and J. Dennis",
       booktitle = "Proceedings of the Second IEEE Symposium on Parallel
                    and Distributed Processing",
       organization = "IEEE",
       year = 1990
}

@inproceedings{tm91,
       title = "On Reducing the Influence of Noise in a New Model for Optimal
                Linear Associative Memory",
       author = "C. Tuan and G. Remy and  S. Gingras and L. Mullin",
       booktitle = "Proceeding of IEEE IJCNN 91, the International Joint
                    Conference on Neural Networks",
       organization = "IEEE IJCNN",
       year = 1990
}

@inproceedings{gymd90,
       title = "An Efficient  Monolithic Array Constructor for Scientific
                 Computation",
       author = "G. Gao and R. Yates and L. Mullin and J. Dennis",
       booktitle = "Proceedings of the Third Workshop on Programming
                    Languages and Compilers of Parallel Computing",
       publisher = "MIT Press",
       year = 1990
}

@techreport{hai91,
        title = "An Algebra of Multidimensional Arrays",
        author = "Ga\'etan Hains and Lenore M.R. Mullin",
        institution = "Universit\'e de Montr\'eal",
        number = 782,
        year = 1991,
        note = "(0) Submitted to the 12th Conference on the Foundations of
                Software Technology and Theoretical Computer Science,
                18-20 December 1992, New Delhi, India (1) Presented
                at the 2nd  Montreal Workshop on Programming Language
                Theory - Algebraic and Logical Approaches in Programming
                Languages, December 1991"
}


@article{val90,
        title = " A Bridging Model for Parallel Computation",
        author = "L. Valiant",
        journal = "Communications of the ACM",
        year = 1990,
        pages = "103-111"
}

@techreport{val89,
       author = "L. G. Valiant",
       title = "General Purpose Parallel Architectures",
       institution = "Aiken Computational Laboratory, Harvard University",
       year = 1989,
       number = "TR-07-89",
       address = "Cambridge, MA 02138",
       month = "April"
}

@article{chang91,
    author = "Jang-Ping Sheu and Chih-Yung Chang",
    title = "Synthesizing Nested Loops Algorithms Using Nonlinear Transformation
					Method",
    journal = "IEEE Transactions on Parallel and Distributed Systems",
    year = 1991,
    volume = 2,
    number = 3,
    pages = "304-317" ,
    month = "July"
}

@article{shang92,
    author = "Weijia Shang and Jose A. B. Fortes",
    title = "Independent Partitionning of Algorithms with Uniform Depedencies",
    journal = "IEEE Transactions on Computers",
    year = 1992,
    volume = 41,
    number = 2,
    pages = "190-206" ,
    month = "February"
}

@article{wang92,
    author = "Chien-Min Wang and Sheng-De Wang",
    title = "Efficient Processor Assignment Algorithms and Loop Transformations
					for Executing Nested Parallel Loops on Multiprocessors",
    journal = "IEEE Transactions on Parallel and Distributed Systems",
    year = 1992,
    volume = 3,
    number = 1,
    pages = "71-82" ,
    month = "January"
}

@misc{savaria89,
    author = "Yvon Savaria",
    title = "Parallel Microprocessor Architecture",
    month = "February",
    year = 1989,
    note = "U.S. patent application no. 07/310 828"
}

@misc{kar90,
    author = "N. Karmarkar",
    title = "Calculator of Matrix Products",
    month = "April",
    year = 1990,
    note = "U.S. patent no. 4914615"
}

@inproceedings{mki88,
   author = "L.R. Mullin and  D. Iyengar and A. Krishnamurthi",
   title = "The Design and Development of a Basis, $\alpha_l$, for
            FFP with arrays",
   booktitle = "Proceedings of the International Conference on Parallel
                Processing",
   year = 1988,
   month ="august"
}

@techreport{mki89,
   author = "L.R. Mullin and D. Iyengar and A. Krishnamurthi",
   title = "The Dot Product: A New Definition",
   institution = "CASE Center at Syracuse University",
   year = 1989,
   number = "TR8901"
}

@techreport{bms92,
  author = "N. B\'elanger and  L. Mullin and Y. Savaria",
  title = "Formal  Methods for the Partitioning, Scheduling and Routing of
           Arrays on a Hierarchical Bus Multiprocessing Architecture",
  institution ="University of Vermont",
  year = 1992,
  address = "Dept of CSEE",
  number = "CSEE/92/06-04",
  note = "Presented at ATABLE92, Montr\'eal Qu\'ebec, 1992, to be
           in proceedings"
}                              

@techreport{mdst92,
  author = "L. Mullin and D. Dooling and E. Sandberg and S. Thibault",
  title  = "Formal Methods for the Scheduling, Routing and
           Communications Protocol of a Logarithmic Scan on
           A Message Passing Distributed Operating System:
              Pram Algorithms Revisited",
  institution = "University of Vermont",
  year = 1992,
  address = "Dept of CSEE",
  number = "CSEE/92/07-10",
  note = "Under Review, IEEE Transactions on Parallel and Distributed
          Computing"
}

@article{hm92,
  author = "G. Hains and L. Mullin",
  title = "Parallel Functional Programming with Arrays",
  journal = "The British Computer Journal of the British Computer Society:
             the society of information systems engineering",
  year = "to appear"
}

@manual{pvm91,
    title = "A Users Guide to PVM, Parallel Virtual Machine",
    author = "A. Beguelin and J. Dongarra and  A. Geist and
            R. Manchek and V. Sunderam",
    note = "Report ORNL/TM-11826",
    organization = "Oak Ridge National Laboratory",
    date = 1991
}


@article{pvm90,
    title = "PVM: A Framework for Parallel Distributed Computing",
    author = "V.S. Sunderam",
    journal = "Concurrency Practice and Experience",
    year = 1990
}

@article{strassen69,
    title = "Gaussian Elimination is Not Optimal",
    author = "V. Strassen",
    journal = "Numerical Mathematics",
    volume = 13,
    pages = "354--356",
    year = 1969
}

@article{winograd68,
    title = "A New Algorithm for Inner Product",
    author = "S. Winograd",
    journal = "IEEE Transaction on Computers",
    note = "C-17",
    pages = "693--694",
    year = 1968
}

@inproceedings{mdst93,
   author = "L.R. Mullin and  D. Dooling and E. Sandberg and S. Thibault",
   title = "Formal Methods for Scheduling and Communication Protocol",
   booktitle = "Proceedings of the Second International Symposium on
                High Performance Distributed Computing",
   year = 1993,
   month ="july"
}

@techreport{mdst94,
    author = "L.R. Mullin and  D. Dooling and E. Sandberg and S. Thibault",
   title = "Formal Methods for Portable, Scalable, 
            Scheduling and Communication Protocol",
   note = "submitted toProceedings of the Third International Symposium on
                High Performance Distributed Computing",
   institution = "University of Missouri-Rolla",
   year = 1994,
   number = "CSC 94-04"
 }

@inproceedings{tm93,
   author = "L. Mullin and S. Thibault",
   title = "The Psi Compiler Project: Backend to Massively Parallel
            Scientific Programming Languages",
   booktitle = "Fourth International Workshop on Compilers for Parallel
                Computers",
  year = 1993
}

@manual{hpff93,
    title = "High Performance Fortran Language Specification",
    organization = "High Performance Fortran Forum",
    edition = "Version 1",
    month = "May",
    year = 1993
}

